<?xml version="1.0" encoding="UTF-8"?><collection xmlns="http://www.loc.gov/MARC21/slim"><record><leader>00437nam--2200133-i-4500</leader><controlfield tag="001">000005348</controlfield><controlfield tag="002">20161230</controlfield><controlfield tag="005">20161230201026</controlfield><controlfield tag="008">060222s1000------------r-----000-0-eng-d</controlfield><datafield ind1=" " ind2=" " tag="100"><subfield code="a">Boer, K.W</subfield></datafield><datafield ind1=" " ind2=" " tag="245"><subfield code="a">Reaktionenskinetik von elektronenprozessen in festkorpen</subfield></datafield><datafield ind1=" " ind2=" " tag="260"><subfield code="a">Berlin, Akademie-verlag, 1960. 319 P</subfield></datafield><datafield ind1=" " ind2=" " tag="490"><subfield code="a">Abhandlungen Der Deutschen Akademie Der Wissen Schaften Zu Berlin. Klasse Fur Mathematik, Ph.Und T</subfield></datafield><datafield ind1=" " ind2=" " tag="852"><subfield code="a">6797</subfield></datafield></record></collection>